<?xml version="1.0" encoding="UTF-8"?>
<Error><Code>NoSuchBucket</Code><Message>The specified bucket does not exist</Message><BucketName>writelatex-</BucketName><RequestId>D88F00F0F427E3DC</RequestId><HostId>inbrePO0hA/7806MuMsmgRMYwBPWn+Hr+DRip003sRSABHXNogs/uarg8mu9l5RcYPOTOkKGuug=</HostId></Error>